
@article{qureshi2013survey,
  title={A survey on intelligent transportation systems},
  author={Qureshi, Kashif Naseer and Abdullah, Abdul Hanan},
  journal={Middle-East Journal of Scientific Research},
  volume={15},
  number={5},
  pages={629--642},
  year={2013}
}

@article{chen2022constructing,
  title={Constructing Cooperative Intelligent Transport Systems for Travel Time Prediction With Deep Learning Approaches},
  author={Chen, Mu-Yen and Chiang, Hsiu-Sen and Yang, Kai-Jui},
  journal={IEEE Transactions on Intelligent Transportation Systems},
  year={2022},
  publisher={IEEE}
}

@Article{s18041212,
AUTHOR = {Guerrero-Ibáñez, Juan and Zeadally, Sherali and Contreras-Castillo, Juan},
TITLE = {Sensor Technologies for Intelligent Transportation Systems},
JOURNAL = {Sensors},
VOLUME = {18},
YEAR = {2018},
NUMBER = {4},
ARTICLE-NUMBER = {1212},
ISSN = {1424-8220},
DOI = {10.3390/s18041212}
}

@incollection{bhatia2022intelligent,
  title={Intell{\i}gent Transportat{\i}on System Appl{\i}cat{\i}ons: A Traff{\i}c Management Perspect{\i}ve},
  author={Bhatia, Varsha and Jaglan, Vivek and Kumawat, Sunita and Siwach, Vikas and Sehrawat, Harkesh},
  booktitle={Intelligent Sustainable Systems},
  pages={419--433},
  year={2022},
  publisher={Springer}
}

@ARTICLE{9046805,
  author={Yurtsever, Ekim and Lambert, Jacob and Carballo, Alexander and Takeda, Kazuya},
  journal={IEEE Access}, 
  title={A Survey of Autonomous Driving: Common Practices and Emerging Technologies}, 
  year={2020},
  volume={8},
  number={},
  pages={58443-58469},
  keywords={Automation;Task analysis;Systems architecture;Accidents;Planning;Vehicle dynamics;Robot sensing systems;Autonomous vehicles;control;robotics;automation;intelligent vehicles;intelligent transportation systems},
  doi={10.1109/ACCESS.2020.2983149}
}

@ARTICLE{Zheng2023,
	author = {Zheng, Shuran and Wang, Jinling and Rizos, Chris and Ding, Weidong and El-Mowafy, Ahmed},
	title = {Simultaneous Localization and Mapping (SLAM) for Autonomous Driving: Concept and Analysis},
	year = {2023},
	journal = {Remote Sensing},
	volume = {15},
	number = {4},
	doi = {10.3390/rs15041156},
	url = {https://www.scopus.com/inward/record.uri?eid=2-s2.0-85149210687&doi=10.3390%2frs15041156&partnerID=40&md5=39b658695fb8e931ef6a46abefb5f5db},
	type = {Review},
	publication_stage = {Final},
	source = {Scopus},
	note = {Cited by: 15; All Open Access, Gold Open Access, Green Open Access}
}

@article{li2023learning,
  title={Learning for vehicle-to-vehicle cooperative perception under lossy communication},
  author={Li, Jinlong and Xu, Runsheng and Liu, Xinyu and Ma, Jin and Chi, Zicheng and Ma, Jiaqi and Yu, Hongkai},
  journal={IEEE Transactions on Intelligent Vehicles},
  year={2023},
  publisher={IEEE}
}

@Article{s22155535,
AUTHOR = {Cui, Guangzhen and Zhang, Weili and Xiao, Yanqiu and Yao, Lei and Fang, Zhanpeng},
TITLE = {Cooperative Perception Technology of Autonomous Driving in the Internet of Vehicles Environment: A Review},
JOURNAL = {Sensors},
VOLUME = {22},
YEAR = {2022},
NUMBER = {15},
ARTICLE-NUMBER = {5535},
URL = {https://www.mdpi.com/1424-8220/22/15/5535},
PubMedID = {35898039},
ISSN = {1424-8220},
DOI = {10.3390/s22155535}
}

@unknown{garigipati2022,
author = {Garigipati, Bharath and Strokina, Nataliya and Ghabcheloo, Reza},
year = {2022},
month = {08},
pages = {},
title = {Evaluation and comparison of eight popular Lidar and Visual SLAM algorithms},
doi = {10.48550/arXiv.2208.02063}
}

@article{ramasubramanian2018moving,
  title={Moving from legacy 24 GHz to state-of-the-art 77-GHz radar},
  author={Ramasubramanian, Karthik and Ramaiah, Kishore},
  journal={ATZelektronik worldwide},
  volume={13},
  number={3},
  pages={46--49},
  year={2018},
  publisher={Springer}
}

@article{li2020lidar,
  title={Lidar for autonomous driving: The principles, challenges, and trends for automotive lidar and perception systems},
  author={Li, You and Ibanez-Guzman, Javier},
  journal={IEEE Signal Processing Magazine},
  volume={37},
  number={4},
  pages={50--61},
  year={2020},
  publisher={IEEE}
}

@Article{s23062972,
AUTHOR = {Kim, Jiyoon and Park, Bum-jin and Kim, Jisoo},
TITLE = {Empirical Analysis of Autonomous Vehicle’s LiDAR Detection Performance Degradation for Actual Road Driving in Rain and Fog},
JOURNAL = {Sensors},
VOLUME = {23},
YEAR = {2023},
NUMBER = {6},
ARTICLE-NUMBER = {2972},
URL = {https://www.mdpi.com/1424-8220/23/6/2972},
PubMedID = {36991683},
ISSN = {1424-8220},
DOI = {10.3390/s23062972}
}

@article{YU2022100023,
title = {A review on cooperative perception and control supported infrastructure-vehicle system},
journal = {Green Energy and Intelligent Transportation},
volume = {1},
number = {3},
pages = {100023},
year = {2022},
issn = {2773-1537},
doi = {https://doi.org/10.1016/j.geits.2022.100023},
url = {https://www.sciencedirect.com/science/article/pii/S2773153722000238},
author = {Guizhen Yu and Han Li and Yunpeng Wang and Peng Chen and Bin Zhou},
keywords = {Cooperative perception, Cooperative control, Intelligent transportation systems, Autonomous driving, Connected autonomous vehicle}
}

@article{THANDAVARAYAN2023103655,
title = {Scalable cooperative perception for connected and automated driving},
journal = {Journal of Network and Computer Applications},
volume = {216},
pages = {103655},
year = {2023},
issn = {1084-8045},
doi = {https://doi.org/10.1016/j.jnca.2023.103655},
url = {https://www.sciencedirect.com/science/article/pii/S1084804523000747},
author = {Gokulnath Thandavarayan and Miguel Sepulcre and Javier Gozalvez and Baldomero Coll-Perales},
keywords = {Cooperative perception, Collective perception, Cooperative sensing, CPS, CPM, Connected automated vehicles, Autonomous vehicles, CAV, RSU, V2X, Vehicular networks, Congestion control, Redundancy mitigation, C-ITS, DCC, ETSI}
}

@Article{s21062140,
AUTHOR = {Yeong, De Jong and Velasco-Hernandez, Gustavo and Barry, John and Walsh, Joseph},
TITLE = {Sensor and Sensor Fusion Technology in Autonomous Vehicles: A Review},
JOURNAL = {Sensors},
VOLUME = {21},
YEAR = {2021},
NUMBER = {6},
ARTICLE-NUMBER = {2140},
URL = {https://www.mdpi.com/1424-8220/21/6/2140},
PubMedID = {33803889},
ISSN = {1424-8220},
DOI = {10.3390/s21062140}
}

@misc{xu2022v2xvit,
      title={V2X-ViT: Vehicle-to-Everything Cooperative Perception with Vision Transformer}, 
      author={Runsheng Xu and Hao Xiang and Zhengzhong Tu and Xin Xia and Ming-Hsuan Yang and Jiaqi Ma},
      year={2022},
      eprint={2203.10638},
      archivePrefix={arXiv},
      primaryClass={cs.CV}
}

@inproceedings{wang2021trusted,
  title={Trusted and Collaborative Data Sharing with Quality Awareness in Autonomous Driving},
  author={Wang, Yuntao and Su, Zhou and Xu, Qichao and Fang, Dongfeng},
  booktitle={ICC 2021-IEEE International Conference on Communications},
  pages={1--6},
  year={2021},
  organization={IEEE}
}

@article{liu2018development,
  title={Development of a data acquisition system for autonomous vehicle systems},
  author={Liu, Yucheng and Le Clair, Andrew and Doude, Matthew and Burch, V Reuben F},
  journal={International Journal of Vehicle Structures \& Systems},
  volume={10},
  number={4},
  year={2018},
  publisher={MechAero Foundation for Technical Research \& Education Excellence}
}

@article{haydari2020deep,
  title={Deep reinforcement learning for intelligent transportation systems: A survey},
  author={Haydari, Ammar and Y{\i}lmaz, Yasin},
  journal={IEEE Transactions on Intelligent Transportation Systems},
  volume={23},
  number={1},
  pages={11--32},
  year={2020},
  publisher={IEEE}
}

@inproceedings{bao2021review,
  title={Review of digital twin for intelligent transportation system},
  author={Bao, Lixia and Wang, Qiulan and Jiang, Yan},
  booktitle={2021 International Conference on Information Control, Electrical Engineering and Rail Transit (ICEERT)},
  pages={309--315},
  year={2021},
  organization={IEEE}
}

@article{zhu2018big,
  title={Big data analytics in intelligent transportation systems: A survey},
  author={Zhu, Li and Yu, Fei Richard and Wang, Yige and Ning, Bin and Tang, Tao},
  journal={IEEE Transactions on Intelligent Transportation Systems},
  volume={20},
  number={1},
  pages={383--398},
  year={2018},
  publisher={IEEE}
}

@article{liang2019deep,
  title={A deep reinforcement learning network for traffic light cycle control},
  author={Liang, Xiaoyuan and Du, Xunsheng and Wang, Guiling and Han, Zhu},
  journal={IEEE Transactions on Vehicular Technology},
  volume={68},
  number={2},
  pages={1243--1253},
  year={2019},
  publisher={IEEE}
}

@inproceedings{garg2018deep,
  title={Deep reinforcement learning for autonomous traffic light control},
  author={Garg, Deepeka and Chli, Maria and Vogiatzis, George},
  booktitle={2018 3rd ieee international conference on intelligent transportation engineering (icite)},
  pages={214--218},
  year={2018},
  organization={IEEE}
}

@article{guillen2021intelligent,
  title={Intelligent IoT systems for traffic management: A practical application},
  author={Guillen-Perez, Antonio and Cano, Maria-Dolores},
  journal={IET Intelligent Transport Systems},
  volume={15},
  number={2},
  pages={273--285},
  year={2021},
  publisher={Wiley Online Library}
}

@article{Mollah_2021,
   title={Blockchain for the Internet of Vehicles Towards Intelligent Transportation Systems: A Survey},
   volume={8},
   ISSN={2372-2541},
   url={http://dx.doi.org/10.1109/JIOT.2020.3028368},
   DOI={10.1109/jiot.2020.3028368},
   number={6},
   journal={IEEE Internet of Things Journal},
   publisher={Institute of Electrical and Electronics Engineers (IEEE)},
   author={Mollah, Muhammad Baqer and Zhao, Jun and Niyato, Dusit and Guan, Yong Liang and Yuen, Chau and Sun, Sumei and Lam, Kwok-Yan and Koh, Leong Hai},
   year={2021},
   month=mar, pages={4157–4185} 
}

@article{tanwar2019tactile,
  title={Tactile internet for autonomous vehicles: Latency and reliability analysis},
  author={Tanwar, Sudeep and Tyagi, Sudhanshu and Budhiraja, Ishan and Kumar, Neeraj},
  journal={IEEE Wireless Communications},
  volume={26},
  number={4},
  pages={66--72},
  year={2019},
  publisher={IEEE}
}

@article{dai2019artificial,
  title={Artificial intelligence empowered edge computing and caching for internet of vehicles},
  author={Dai, Yueyue and Xu, Du and Maharjan, Sabita and Qiao, Guanhua and Zhang, Yan},
  journal={IEEE Wireless Communications},
  volume={26},
  number={3},
  pages={12--18},
  year={2019},
  publisher={IEEE}
}

@article{elghazaly2023high,
  title={High-definition maps: Comprehensive survey, challenges and future perspectives},
  author={Elghazaly, Gamal and Frank, Rapha{\"e}l and Harvey, Scott and Safko, Stefan},
  journal={IEEE Open Journal of Intelligent Transportation Systems},
  year={2023},
  publisher={IEEE}
}

@article{gohar2021role,
  title={The role of 5G technologies in a smart city: The case for intelligent transportation system},
  author={Gohar, Ali and Nencioni, Gianfranco},
  journal={Sustainability},
  volume={13},
  number={9},
  pages={5188},
  year={2021},
  publisher={MDPI}
}

@article{kaffash2021big,
  title={Big data algorithms and applications in intelligent transportation system: A review and bibliometric analysis},
  author={Kaffash, Sepideh and Nguyen, An Truong and Zhu, Joe},
  journal={International journal of production economics},
  volume={231},
  pages={107868},
  year={2021},
  publisher={Elsevier}
}

@ARTICLE{10208208,
  author={Xiang, Chao and Feng, Chen and Xie, Xiaopo and Shi, Botian and Lu, Hao and Lv, Yisheng and Yang, Mingchuan and Niu, Zhendong},
  journal={IEEE Intelligent Transportation Systems Magazine}, 
  title={Multi-Sensor Fusion and Cooperative Perception for Autonomous Driving: A Review}, 
  year={2023},
  volume={15},
  number={5},
  pages={36-58},
  keywords={Point cloud compression;Laser radar;Classification algorithms;Sensors;Taxonomy;Sensor fusion;Three-dimensional displays;Autonomous driving;Intelligent transportation systems;Multisensor systems},
  doi={10.1109/MITS.2023.3283864}
}

@article{Li_2023,
   title={Learning for Vehicle-to-Vehicle Cooperative Perception Under Lossy Communication},
   volume={8},
   ISSN={2379-8858},
   url={http://dx.doi.org/10.1109/TIV.2023.3260040},
   DOI={10.1109/tiv.2023.3260040},
   number={4},
   journal={IEEE Transactions on Intelligent Vehicles},
   publisher={Institute of Electrical and Electronics Engineers (IEEE)},
   author={Li, Jinlong and Xu, Runsheng and Liu, Xinyu and Ma, Jin and Chi, Zicheng and Ma, Jiaqi and Yu, Hongkai},
   year={2023},
   month=apr, pages={2650–2660}
}

@misc{ren2024interruptionaware,
      title={Interruption-Aware Cooperative Perception for V2X Communication-Aided Autonomous Driving}, 
      author={Shunli Ren and Zixing Lei and Zi Wang and Mehrdad Dianati and Yafei Wang and Siheng Chen and Wenjun Zhang},
      year={2024},
      eprint={2304.11821},
      archivePrefix={arXiv},
      primaryClass={cs.RO}
}

@misc{xu2023v2v4real,
      title={V2V4Real: A Real-world Large-scale Dataset for Vehicle-to-Vehicle Cooperative Perception}, 
      author={Runsheng Xu and Xin Xia and Jinlong Li and Hanzhao Li and Shuo Zhang and Zhengzhong Tu and Zonglin Meng and Hao Xiang and Xiaoyu Dong and Rui Song and Hongkai Yu and Bolei Zhou and Jiaqi Ma},
      year={2023},
      eprint={2303.07601},
      archivePrefix={arXiv},
      primaryClass={cs.CV}
}

@article{v2vformer,
author = {Yin, Hongbo and Tian, Daxin and Lin, Chunmian and Duan, Xuting and Zhou, Jianshan and Zhao, Dezong and Cao, Dongpu},
year = {2023},
month = {01},
pages = {1-14},
title = {V2VFormer++: Multi-Modal Vehicle-to-Vehicle Cooperative Perception via Global-Local Transformer},
volume = {PP},
journal = {IEEE Transactions on Intelligent Transportation Systems},
doi = {10.1109/TITS.2023.3314919}
}

@misc{song2024spatial,
      title={A Spatial Calibration Method for Robust Cooperative Perception}, 
      author={Zhiying Song and Tenghui Xie and Hailiang Zhang and Jiaxin Liu and Fuxi Wen and Jun Li},
      year={2024},
      eprint={2304.12033},
      archivePrefix={arXiv},
      primaryClass={cs.RO}
}

@ARTICLE{10470399,
  author={Hakim, Bassel and Elbery, Ahmed A. and Hefeida, Mohamed and Alasmary, Waleed S. and Almotairi, Khaled H. and Noureldin, Aboelmagd},
  journal={IEEE Transactions on Vehicular Technology}, 
  title={STC: Spatial and Temporal Clustering for Cooperative Perception System}, 
  year={2024},
  volume={},
  number={},
  pages={1-11},
  keywords={Sensors;Clustering algorithms;Electronic mail;Standards;Receivers;Payloads;Dedicated short range communication;Cooperative Perception (CP);Vehicle-to-Vehicle (V2V) communication;Autonomous Vehicles (AV);communication resources;Broadcasting;SUMO;NS3},
  doi={10.1109/TVT.2024.3376544}
}

@article{safety,
author = {Noh, Jinhong and Jo, Yongwoo and Kim, Jooyoung and Min, Kyongwook},
year = {2024},
month = {02},
pages = {},
title = {Enhancing Transportation Safety with Infrastructure Cooperative Autonomous Driving System},
volume = {25},
journal = {International Journal of Automotive Technology},
doi = {10.1007/s12239-024-00011-z}
}

@inproceedings{carletti2024ms,
  title={ms-van3t-CARLA: an open-source co-simulation framework for cooperative perception evaluation},
  author={Carletti, Carlos Mateo Risma and Casetti, Claudio and H{\"a}rri, J{\'e}r{\^o}me and Risso, Fulvio},
  booktitle={WONS 2024, 19th Wireless On-demand Network systems and Services Conference},
  year={2024}
}

@inproceedings{da2023radio,
  title={Radio Jamming in Vehicle-to-Everything Communication Systems: Threats and Countermeasures},
  author={Da Silva, Antonio S and Da Costa, Jo{\~a}o Paulo J and Santos, Giovanni A and Miri, Zohair and Fauzi, Muhammad IBM and Vinel, Alexey and de Freitas, Edison P and Kastell, Kira},
  booktitle={2023 23rd International Conference on Transparent Optical Networks (ICTON)},
  pages={1--4},
  year={2023},
  organization={IEEE}
}

@article{mullertechnical,
  title={Technical Report on Driving Use Cases for Highly Automated Driving and Key Performance Indicators},
  author={M{\"u}ller, Christian and da Costa, Joao PJ and dos Santos, Giovanni A and Munoz, Yorman and Nozarian, Farzad and Vozniak, Igor and da Silva, Antonio S and He{\ss}ler, Axel}
}

@inproceedings{cislaghi2023simulation,
  title={Simulation of tele-operated driving over 5g using carla and omnet++},
  author={Cislaghi, Valerio and Quadri, Christian and Mancuso, Vincenzo and Marsan, Marco Ajmone},
  booktitle={2023 IEEE Vehicular Networking Conference (VNC)},
  pages={81--88},
  year={2023},
  organization={IEEE}
}

@article{MALIK2022742,
title = {CARLA: Car Learning to Act — An Inside Out},
journal = {Procedia Computer Science},
volume = {198},
pages = {742-749},
year = {2022},
note = {12th International Conference on Emerging Ubiquitous Systems and Pervasive Networks / 11th International Conference on Current and Future Trends of Information and Communication Technologies in Healthcare},
issn = {1877-0509},
doi = {https://doi.org/10.1016/j.procs.2021.12.316},
url = {https://www.sciencedirect.com/science/article/pii/S1877050921025552},
author = {Sumbal Malik and Manzoor Ahmed Khan and Hesham El-Sayed},
keywords = {simulation, autonomous driving, CARLA, LGSVL}
}

@ARTICLE{9211504,
  author={Nardini, Giovanni and Sabella, Dario and Stea, Giovanni and Thakkar, Purvi and Virdis, Antonio},
  journal={IEEE Access}, 
  title={Simu5G–An OMNeT++ Library for End-to-End Performance Evaluation of 5G Networks}, 
  year={2020},
  volume={8},
  number={},
  pages={181176-181191},
  keywords={5G mobile communication;Object oriented modeling;Libraries;Protocols;Computational modeling;Performance evaluation;Real-time systems;Computer simulation;object-oriented modeling;computer networks;5G mobile communication},
  doi={10.1109/ACCESS.2020.3028550}}

@article{etsi2019intelligent,
  title={Intelligent transport system (its); vehicular communications; basic set of applications; analysis of the collective-perception service (cps)},
  author={ETSI, ITS},
  journal={Draft TR 103 562 V0. 0.15},
  year={2019}
}

@misc{chitta2022transfuser,
      title={TransFuser: Imitation with Transformer-Based Sensor Fusion for Autonomous Driving}, 
      author={Kashyap Chitta and Aditya Prakash and Bernhard Jaeger and Zehao Yu and Katrin Renz and Andreas Geiger},
      year={2022},
      eprint={2205.15997},
      archivePrefix={arXiv},
      primaryClass={cs.CV}
}



%%%%%%%%%%%%%%%%%%%%%%%%%%%%%%%%
%%%%%%%%%%%%%%%%%%%%%%%%%%%%%%%%

@online{wikimedia-latex,
  author = {{WIKIMEDIA COMMONS}},
  title = {File: {\normalfont LaTeX logo.svg}},
  year = {2008},
  note = {Upload de EmilJ. Disponível em: \url{https://upload.wikimedia.org/wikipedia/commons/9/92/LaTeX_logo.svg} -- acesso em 24 jan. 2019.}
}

@misc{Castro2019,
  author       = {Leonardo Luiz e Castro}, 
  title        = {Modelo de livro para Editora UnB},
  howpublished = {\url{https://www.overleaf.com/latex/templates/modelo-de-livro-para-editora-unb/trznrgjcsyfg}},
  month        = 1,
  year         = 2019,
  note         = {Disponível como template no Overleaf}
}

% Exemplo tirado de https://en.wikibooks.org/wiki/LaTeX/Bibliography_Management#BibTeX abaixo:

@article{greenwade93,
    author  = "George D. Greenwade",
    title   = "The {C}omprehensive {T}ex {A}rchive {N}etwork ({CTAN})",
    year    = "1993",
    journal = "TUGBoat",
    volume  = "14",
    number  = "3",
    pages   = "342--351"
}

% Outros exemplos, tirados de https://verbosus.com/bibtex-style-examples.html abaixo:

@article{article,
  author  = {Peter Adams}, 
  title   = {The title of the work},
  journal = {The name of the journal},
  year    = 1993,
  number  = 2,
  pages   = {201-213},
  month   = 7,
  note    = {An optional note}, 
  volume  = 4
}

@book{book,
  author    = {Peter Babington}, 
  title     = {The title of the work},
  publisher = {The name of the publisher},
  year      = 1993,
  volume    = 4,
  series    = 10,
  address   = {The address},
  edition   = 3,
  month     = 7,
  note      = {An optional note},
  isbn      = {3257227892}
}

@booklet{booklet,
  title        = {The title of the work},
  author       = {Peter Caxton}, 
  howpublished = {How it was published},
  address      = {The address of the publisher},
  month        = 7,
  year         = 1993,
  note         = {An optional note}
}

@conference{conference,
  author       = {Peter Draper}, 
  title        = {The title of the work},
  booktitle    = {The title of the book},
  year         = 1993,
  editor       = {The editor},
  volume       = 4,
  series       = 5,
  pages        = 213,
  address      = {The address of the publisher},
  month        = 7,
  organization = {The organization},
  publisher    = {The publisher},
  note         = {An optional note}  
}

@inbook{inbook,
  author       = {Peter Eston}, 
  title        = {The title of the work},
  chapter      = 8,
  pages        = {201-213},
  publisher    = {The name of the publisher},
  year         = 1993,
  volume       = 4,
  series       = 5,
  address      = {The address of the publisher},
  edition      = 3,
  month        = 7,
  note         = {An optional note}
}

@incollection{incollection,
  author       = {Peter Farindon}, 
  title        = {The title of the work},
  booktitle    = {The title of the book},
  publisher    = {The name of the publisher},
  year         = 1993,
  editor       = {The editor},
  volume       = 4,
  series       = 5,
  chapter      = 8,
  pages        = {201-213},
  address      = {The address of the publisher},
  edition      = 3,
  month        = 7,
  note         = {An optional note}
}

@manual{manual,
  title        = {The title of the work},
  author       = {Peter Gainsford}, 
  organization = {The organization},
  address      = {The address of the publisher},
  edition      = 3,
  month        = 7,
  year         = 1993,
  note         = {An optional note}
}

@mastersthesis{mastersthesis,
  author       = {Peter Harwood}, 
  title        = {The title of the work},
  school       = {The school of the thesis},
  year         = 1993,
  address      = {The address of the publisher},
  month        = 7,
  note         = {An optional note}
}

@misc{misc,
  author       = {Peter Isley}, 
  title        = {The title of the work},
  howpublished = {How it was published},
  month        = 7,
  year         = 1993,
  note         = {An optional note}
}

@phdthesis{phdthesis,
  author       = {Peter Joslin}, 
  title        = {The title of the work},
  school       = {The school of the thesis},
  year         = 1993,
  address      = {The address of the publisher},
  month        = 7,
  note         = {An optional note}
}

@proceedings{proceedings,
  title        = {The title of the work},
  year         = 1993,
  editor       = {Peter Kidwelly},
  volume       = 4,
  series       = 5,
  address      = {The address of the publisher},
  month        = 7,
  organization = {The organization},
  publisher    = {The name of the publisher},
  note         = {An optional note}
}

@techreport{techreport,
  author       = {Peter Lambert}, 
  title        = {The title of the work},
  institution  = {The institution that published},
  year         = 1993,
  number       = 2,
  address      = {The address of the publisher},
  month        = 7,
  note         = {An optional note}
}

@unpublished{unpublished,
  author       = {Peter Marcheford}, 
  title        = {The title of the work},
  note         = {An optional note},
  month        = 7,
  year         = 1993
}